<record><leader>00000cas a22000007a 4500</leader><controlfield tag="001">26191118</controlfield><controlfield tag="008">920715d18951903scuwr ne      0    0eng d</controlfield><datafield ind1=" " ind2=" " tag="010"><subfield code="a">sn 92065584 </subfield></datafield><datafield ind1=" " ind2=" " tag="040"><subfield code="a">SVN</subfield><subfield code="b">eng</subfield><subfield code="c">SVN</subfield><subfield code="d">OCLCQ</subfield><subfield code="d">SUC</subfield><subfield code="d">OCLCQ</subfield><subfield code="d">OCLCF</subfield></datafield><datafield ind1=" " ind2=" " tag="042"><subfield code="a">msc</subfield></datafield><datafield ind1=" " ind2=" " tag="043"><subfield code="a">n-us-sc</subfield></datafield><datafield ind1="0" ind2="4" tag="245"><subfield code="a">The Saluda sentinel.</subfield></datafield><datafield ind1=" " ind2=" " tag="260"><subfield code="a">Dennys, S.C. :</subfield><subfield code="b">E.H. Aull,</subfield><subfield code="c">1895-1903.</subfield></datafield><datafield ind1=" " ind2=" " tag="300"><subfield code="a">8 v.</subfield></datafield><datafield ind1=" " ind2=" " tag="310"><subfield code="a">Weekly</subfield></datafield><datafield ind1="0" ind2=" " tag="362"><subfield code="a">Vol. 1, no. 1 (Oct. 31, 1895)-v. 8, no. 19 (Jan. 14, 1903).</subfield></datafield><datafield ind1=" " ind2=" " tag="500"><subfield code="a">Published in Newberry, S.C., May 1896; in Red Bank, May-Oct. 1896; and Saluda, Oct. 1896-1903.</subfield></datafield><datafield ind1=" " ind2="0" tag="651"><subfield code="a">Saluda County (S.C.)</subfield><subfield code="v">Newspapers.</subfield></datafield><datafield ind1=" " ind2="0" tag="651"><subfield code="a">Lexington County (S.C.)</subfield><subfield code="v">Newspapers.</subfield></datafield><datafield ind1=" " ind2="0" tag="651"><subfield code="a">Newberry County (S.C.)</subfield><subfield code="v">Newspapers.</subfield></datafield><datafield ind1=" " ind2="7" tag="655"><subfield code="a">Newspapers.</subfield><subfield code="2">fast</subfield><subfield code="0">(OCoLC)fst01423814</subfield></datafield><datafield ind1=" " ind2="7" tag="651"><subfield code="a">South Carolina</subfield><subfield code="z">Lexington County.</subfield><subfield code="2">fast</subfield><subfield code="0">(OCoLC)fst01207422</subfield></datafield><datafield ind1=" " ind2="7" tag="651"><subfield code="a">South Carolina</subfield><subfield code="z">Newberry County.</subfield><subfield code="2">fast</subfield><subfield code="0">(OCoLC)fst01208075</subfield></datafield><datafield ind1=" " ind2="7" tag="651"><subfield code="a">South Carolina</subfield><subfield code="z">Saluda County.</subfield><subfield code="2">fast</subfield><subfield code="0">(OCoLC)fst01221071</subfield></datafield><datafield ind1=" " ind2=" " tag="752"><subfield code="a">United States</subfield><subfield code="b">South Carolina</subfield><subfield code="c">Saluda</subfield><subfield code="d">Denny.</subfield></datafield><datafield ind1=" " ind2=" " tag="752"><subfield code="a">United States</subfield><subfield code="b">South Carolina</subfield><subfield code="c">Lexington</subfield><subfield code="d">Red Bank.</subfield></datafield><datafield ind1=" " ind2=" " tag="752"><subfield code="a">United States</subfield><subfield code="b">South Carolina</subfield><subfield code="c">Newberry</subfield><subfield code="d">Newberry.</subfield></datafield><datafield ind1=" " ind2=" " tag="752"><subfield code="a">United States</subfield><subfield code="b">South Carolina</subfield><subfield code="c">Saluda</subfield><subfield code="d">Saluda.</subfield></datafield></record>